@inproceedings{tahaei2021,
  title={Deciding on Personalized Ads: Nudging Developers About User Privacy},
  author={Tahaei, Mohammad and Frik, Alisa and Vaniea, Kami},
  booktitle={Seventeenth Symposium on Usable Privacy and Security (SOUPS 2021)},
  year={2021}
}
@INPROCEEDINGS{he2018,
  title           = "An investigation into android in-app ad practice:
                     Implications for app developers",
  booktitle       = "{IEEE} {INFOCOM} 2018 - {IEEE} Conference on Computer
                     Communications",
  author          = "He, Boyuan and Xu, Haitao and Jin, Ling and Guo, Guanyu
                     and Chen, Yan and Weng, Guangyao",
  publisher       = "IEEE",
  month           =  apr,
  year            =  2018,
  conference      = "IEEE INFOCOM 2018 - IEEE Conference on Computer
                     Communications",
  location        = "Honolulu, HI"
}

@ARTICLE{jin2021,
  title     = "{MAdLens}: Investigating into android in-app ad practice at
               {API} granularity",
  author    = "Jin, Ling and He, Boyuan and Weng, Guangyao and Xu, Haitao and
               Chen, Yan and Guo, Guanyu",
  journal   = "IEEE Trans. Mob. Comput.",
  publisher = "Institute of Electrical and Electronics Engineers (IEEE)",
  volume    =  20,
  number    =  3,
  month     =  mar,
  year      =  2021,
  copyright = "https://ieeexplore.ieee.org/Xplorehelp/downloads/license-information/IEEE.html"
}

@article{charlie2019,
  author  = {Charlie Osborne},
  date    = {2019-11-06},
  title   = {This is how Google Analytics is abused by phishing scammers},
  journal = {ZDNet},
  url     = {https://www.zdnet.com/article/this-is-how-google-analytics-is-abused-by-phishing-scammers/},
  urldate = {2022-05-11}
}

@article{ravie2020,
  author = {Ravie Lakshmanan},
  date = {2020-06-23},
  title = {Hackers Using Google Analytics to Bypass Web Security and Steal Credit Cards},
  journal = {The Hacker News},
  url = {https://thehackernews.com/2020/06/google-analytics-hacking.html},
  urldate = {2022-05-11}
}

@phdthesis{uni2021,
  title={Perancangan Sistem Blocking Situs Berbahaya Menggunakan Pi-Hole Berbasis Docker},
  author={Uni Dewi Samima, Helen},
  year={2021},
  school={Politeknik Negeri Jember}
}
